%% This BibTeX bibliography file was created using BibDesk.
%% http://bibdesk.sourceforge.net/


%% Created for Parker Shelton at 2010-05-12 13:42:28 -0400 


%% Saved with string encoding Unicode (UTF-8) 



@misc{video-coding,
	Author = {Trac D. Tran},
	Date-Added = {2010-05-12 13:39:54 -0400},
	Date-Modified = {2010-05-12 13:40:27 -0400},
	Howpublished = {Lecture},
	Month = {March},
	Title = {Video Coding: Block Motion Estimation},
	Year = {2010}}

@misc{transformation,
	Author = {Trac D. Tran},
	Date-Added = {2010-05-12 13:38:19 -0400},
	Date-Modified = {2010-05-12 13:39:23 -0400},
	Howpublished = {Lecture},
	Month = {February},
	Title = {Signal Prediction and Transformation},
	Year = {2010}}

@manual{cuda-manual,
	Address = {2701 San Tomas Expressway, Santa Clara, CA, 95050},
	Date-Added = {2010-05-12 13:36:30 -0400},
	Date-Modified = {2010-05-12 13:38:04 -0400},
	Edition = {3.0},
	Month = {02},
	Organization = {NVIDIA},
	Title = {NVIDIA CUDA Programming Guide},
	Year = {2010}}

@article{jpeg2000,
	Author = {Taubman, D.S. and Marcellin, M.W.},
	Date-Modified = {2010-05-12 13:42:17 -0400},
	Doi = {10.1109/JPROC.2002.800725},
	Issn = {0018-9219},
	Journal = {Proceedings of the IEEE},
	Keywords = {International Standards Organization; JPEG2000; Joint Photographic Experts Group; client-server systems; image compression; interactive imaging; interoperable compression; review; scalable compression; ISO standards; data compression; image coding;},
	Month = {aug},
	Number = {8},
	Pages = {1336 - 1357},
	Title = {JPEG2000: standard for interactive imaging},
	Volume = {90},
	Year = {2002},
	Bdsk-Url-1 = {http://dx.doi.org/10.1109/JPROC.2002.800725}}
